<?xml version="1.0" encoding="UTF-8"?><collection xmlns="http://www.loc.gov/MARC21/slim"><record><leader>00638nam--2200205-i-4500</leader><controlfield tag="001">000010861</controlfield><controlfield tag="002">20161230</controlfield><controlfield tag="005">20161230201029</controlfield><controlfield tag="008">060222s1000------------r-----000-0-eng-d</controlfield><datafield ind1=" " ind2=" " tag="020"><subfield code="a">0120255618</subfield></datafield><datafield ind1=" " ind2=" " tag="040"><subfield code="a">IFIN-HH</subfield></datafield><datafield ind1=" " ind2=" " tag="080"><subfield code="a">539.143.43:537.635</subfield></datafield><datafield ind1="1" ind2=" " tag="100"><subfield code="a">Waugh, John S</subfield></datafield><datafield ind1="1" ind2="0" tag="245"><subfield code="a">Advances in magnetic resonance</subfield><subfield code="b">Supplement 1 high resolution nmr in solids ; selective averaging</subfield><subfield code="c">John s. waugh (ed.), ulrich haeberlen</subfield></datafield><datafield ind1=" " ind2=" " tag="260"><subfield code="a">New York</subfield><subfield code="b">Academic Press</subfield><subfield code="c">1976</subfield></datafield><datafield ind1=" " ind2=" " tag="300"><subfield code="a">190P</subfield></datafield><datafield ind1=" " ind2=" " tag="490"><subfield code="a">Advances In Magnetic Resonance</subfield></datafield><datafield ind1="1" ind2=" " tag="700"><subfield code="a">Haeberlen, Ulrich</subfield></datafield><datafield ind1=" " ind2=" " tag="852"><subfield code="a">23347</subfield><subfield code="c">539.143.43</subfield></datafield><datafield ind1=" " ind2=" " tag="CAT"><subfield code="a">Sys</subfield><subfield code="c">20120419</subfield><subfield code="h">164722</subfield></datafield></record></collection>